@misc{Shiviz,
    title = {ShiViz},
    howpublished = {\url{https://bestchai.bitbucket.io/shiviz/}},
    note = {Accessed: 2019-11-04}
}

@misc{Jaeger,
    title = {Jaeger - Distributed Tracing System},
    howpublished = {\url{https://www.jaegertracing.io/}},
    note = {Accessed: 2019-11-04}
}

@misc{LightStep,
    title = {LightStep},
    howpublished = {\url{https://lightstep.com/}},
    note = {Accessed: 2019-11-04}
}